%% This BibTeX bibliography file was created using BibDesk.
%% https://bibdesk.sourceforge.io/

%% Created for Roberta Calegari at 2022-10-03 21:03:37 +0200 


%% Saved with string encoding Unicode (UTF-8) 


@comment{jabref-meta: databaseType:bibtex;}



@article{ng2015ethical,
	author = {Ng, Adam and Ibrahim, Mansor H and Mirakhor, Abbas},
	date-added = {2022-10-03 21:03:30 +0200},
	date-modified = {2022-10-03 21:03:30 +0200},
	journal = {Research in International Business and Finance},
	pages = {44--58},
	publisher = {Elsevier},
	title = {Ethical behavior and trustworthiness in the stock market-growth nexus},
	volume = {33},
	year = {2015}}

@article{mittelstadt2019principles,
	author = {Mittelstadt, Brent},
	date-added = {2022-08-29 17:09:12 +0200},
	date-modified = {2022-08-29 17:09:12 +0200},
	journal = {Nature Machine Intelligence},
	number = 11,
	pages = {501--507},
	publisher = {Nature Publishing Group},
	title = {Principles alone cannot guarantee ethical AI},
	volume = 1,
	year = 2019}

@incollection{aziz2019machine,
	author = {Aziz, Saqib and Dowling, Michael},
	booktitle = {Disrupting finance},
	date-added = {2022-08-29 17:08:43 +0200},
	date-modified = {2022-08-29 17:08:43 +0200},
	pages = {33--50},
	publisher = {Palgrave Pivot, Cham},
	title = {Machine learning and AI for risk management},
	year = 2019}

@book{egtai,
	author = {{European Commission} and Directorate-General for Communications Networks, Content and Technology},
	date-added = {2022-08-29 17:07:29 +0200},
	date-modified = {2022-08-29 17:07:59 +0200},
	doi = {10.2759/346720},
	publisher = {Publications Office},
	title = {Ethics guidelines for trustworthy AI},
	year = {2019},
	bdsk-url-1 = {https://doi.org/10.2759/346720}}

@book{weiss2021business,
	author = {Weiss, Joseph W},
	date-added = {2022-08-29 17:07:20 +0200},
	date-modified = {2022-08-29 17:07:20 +0200},
	publisher = {Berrett-Koehler Publishers},
	title = {Business ethics: A stakeholder and issues management approach},
	year = 2021}

@inproceedings{grex-icdm2008,
	author = {Konig, Rikard and Johansson, Ulf and Niklasson, Lars},
	booktitle = {2008 IEEE International Conference on Data Mining Workshops (ICDM 2008 Workshops)},
	date-added = {2021-09-18 00:31:47 +0200},
	date-modified = {2021-09-18 00:33:18 +0200},
	doi = {10.1109/ICDMW.2008.117},
	issn = {2375-9259},
	pages = {971--974},
	title = {{G-REX}: A Versatile Framework for Evolutionary Data Mining},
	year = 2008,
	bdsk-url-1 = {https://doi.org/10.1109/ICDMW.2008.117}}

@article{lpaas-bdcc2,
	articleno = 23,
	author = {Calegari, Roberta and Ciatto, Giovanni and Mariani, Stefano and Denti, Enrico and Omicini, Andrea},
	doi = {10.3390/bdcc2030023},
	irisid = {11585/640012},
	issn-online = {2504-2289},
	journal = {Big Data and Cognitive Computing},
	keywords = {Logic Programming as a Service, IoT, symbolic reasoning},
	number = 3,
	numpages = 26,
	publisher = {MDPI},
	title = {{LPaaS} as Micro-intelligence: Enhancing {IoT} with Symbolic Reasoning},
	url = {http://www.mdpi.com/2504-2289/2/3/23},
	url-pdf = {http://www.mdpi.com/2504-2289/2/3/23/pdf},
	volume = 2,
	year = 2018,
	bdsk-url-1 = {http://www.mdpi.com/2504-2289/2/3/23},
	bdsk-url-2 = {https://doi.org/10.3390/bdcc2030023},
	bdsk-url-3 = {http://www.mdpi.com/2504-2289/2/3/23/pdf}}

@incollection{expectation-extraamas2021,
	address = {Basel, Switzerland},
	author = {Calvaresi, Davide and Ciatto, Giovanni and Najjar, Amro and Aydo{\u g}an, Reyhan and Van der Torre, Leon and Omicini, Andrea and Schumacher, Michael},
	booktitle = {Explainable and Transparent AI and Multi-Agent Systems. Third International Workshop, EXTRAAMAS 2021, Virtual Event, May 3--7, 2021, Revised Selected Papers},
	date-modified = {2021-09-17 17:29:04 +0200},
	doi = {10.1007/978-3-030-82017-6_20},
	editor = {Calvaresi, Davide and Najjar, Amro and Winikoff, Michael and Fr{\"a}mling, Kary},
	isbn = {978-3-030-82016-9},
	isbn-online = {978-3-030-82017-6},
	issn = {0302-9743},
	keywords = {Multi-agent systems; eXplanable AI; Chist-Era IV; Personalisation; Decentralisation; Expectation},
	pages = {331--343},
	publisher = {Springer Nature},
	series = {LNCS},
	subseries = {Lecture Notes in Artificial Intelligence},
	title = {{{\sc Expectation}}: Personalized Explainable Artificial Intelligence for Decentralized Agents with Heterogeneous Knowledge},
	url = {http://link.springer.com/10.1007/978-3-030-82017-6_20},
	volume = 12688,
	year = 2021,
	bdsk-url-1 = {http://link.springer.com/10.1007/978-3-030-82017-6_20},
	bdsk-url-2 = {https://doi.org/10.1007/978-3-030-82017-6_20}}

@article{JaffarM94,
	author = {Jaffar, Joxan and Maher, Michael J.},
	bibsource = {dblp computer science bibliography, https://dblp.org},
	biburl = {https://dblp.org/rec/journals/jlp/JaffarM94.bib},
	doi = {10.1016/0743-1066(94)90033-7},
	journal = {J. Log. Program.},
	pages = {503--581},
	timestamp = {Wed, 17 Feb 2021 08:54:31 +0100},
	title = {Constraint Logic Programming: {A} Survey},
	volume = {19/20},
	year = {1994},
	bdsk-url-1 = {https://doi.org/10.1016/0743-1066(94)90033-7}}

@incollection{GavanelliR10,
	_url = {https://doi.org/10.1007/978-3-642-14309-0_4},
	author = {Gavanelli, Marco and Rossi, Francesca},
	bibsource = {dblp computer science bibliography, https://dblp.org},
	biburl = {https://dblp.org/rec/conf/agp/GavanelliR10.bib},
	booktitle = {A 25-Year Perspective on Logic Programming: Achievements of the Italian Association for Logic Programming, {GULP}},
	date-modified = {2021-09-17 17:29:32 +0200},
	doi = {10.1007/978-3-642-14309-0_4},
	editor = {Dovier, Agostino and Pontelli, Enrico},
	pages = {64--86},
	publisher = {Springer},
	series = {LNCS},
	timestamp = {Sun, 25 Oct 2020 23:16:08 +0100},
	title = {Constraint Logic Programming},
	volume = 6125,
	year = 2010,
	bdsk-url-1 = {https://doi.org/10.1007/978-3-642-14309-0_4}}

@article{KENNY2021103459,
	_url = {https://www.sciencedirect.com/science/article/pii/S0004370221000102},
	author = {Kenny, Eoin M. and Ford, Courtney and Quinn, Molly and Keane, Mark T.},
	date-modified = {2021-09-17 16:08:29 +0200},
	doi = {10.1016/j.artint.2021.103459},
	issn = {0004-3702},
	journal = {Artificial Intelligence},
	keywords = {Explainable AI, Factual explanation, Trust, User testing, Convolutional neural network, Case-based reasoning, Deep learning, -nearest neighbours},
	pages = {103459},
	title = {Explaining black-box classifiers using post-hoc explanations-by-example: The effect of explanations and error-rates in {XAI} user studies},
	volume = {294},
	year = {2021},
	bdsk-url-1 = {https://doi.org/10.1016/j.artint.2021.103459}}

@incollection{gridex-extraamas2021,
	_url = {http://link.springer.com/10.1007/978-3-030-82017-6_2},
	address = {Basel, Switzerland},
	author = {Sabbatini, Federico and Ciatto, Giovanni and Omicini, Andrea},
	booktitle = {Explainable and Transparent AI and Multi-Agent Systems. Third International Workshop, EXTRAAMAS 2021, Virtual Event, May 3--7, 2021, Revised Selected Papers},
	date-modified = {2021-09-17 17:29:10 +0200},
	doi = {10.1007/978-3-030-82017-6_2},
	editor = {Calvaresi, Davide and Najjar, Amro and Winikoff, Michael and Fr{\"a}mling, Kary},
	isbn = {978-3-030-82016-9},
	isbn-online = {978-3-030-82017-6},
	issn = {0302-9743},
	issn-online = {1611-3349},
	pages = {18--38},
	publisher = {Springer Nature},
	series = {LNCS},
	subseries = {Lecture Notes in Artificial Intelligence},
	title = {{GridEx}: An Algorithm for Knowledge Extraction from Black-Box Regressors},
	volume = 12688,
	year = 2021,
	bdsk-url-1 = {https://doi.org/10.1007/978-3-030-82017-6_2}}

@article{PedregosaVGMTGBPWDVPCBPD11,
	author = {Pedregosa, Fabian and Varoquaux, Ga{\"{e}}l and Gramfort, Alexandre and Michel, Vincent and Thirion, Bertrand and Grisel, Olivier and Blondel, Mathieu and Prettenhofer, Peter and Weiss, Ron and Dubourg, Vincent and VanderPlas, Jake and Passos, Alexandre and Cournapeau, David and Brucher, Matthieu and Perrot, Matthieu and Duchesnay, Edouard},
	bibsource = {dblp computer science bibliography, https://dblp.org},
	biburl = {https://dblp.org/rec/journals/jmlr/PedregosaVGMTGBPWDVPCBPD11.bib},
	date-modified = {2021-09-17 19:34:55 +0200},
	journal = {Journal of Machine Learning Research (JMLR)},
	pages = {2825--2830},
	timestamp = {Wed, 10 Jul 2019 15:28:18 +0200},
	title = {Scikit-learn: Machine Learning in {P}ython},
	url = {https://dl.acm.org/doi/10.5555/1953048.2078195},
	volume = {12},
	year = {2011},
	bdsk-url-1 = {http://dl.acm.org/citation.cfm?id=2078195}}

@inproceedings{xailp-woa2019,
	_publisher = {Sun SITE Central Europe, RWTH Aachen University},
	author = {Calegari, Roberta and Ciatto, Giovanni and Dellaluce, Jason and Omicini, Andrea},
	booktitle = {WOA 2019 -- 20th Workshop ``From Objects to Agents''},
	date-added = {2021-05-20 10:45:15 +0200},
	date-modified = {2021-09-17 19:39:11 +0200},
	editor = {Bergenti, Federico and Monica, Stefania},
	irisid = {11585/692870},
	keywords = {XAI, logic programming, machine learning, symbolic vs. subsymbolic},
	location = {Parma, Italy},
	month = {26--28~} # jun,
	pages = {105--112},
	publisher = {CEUR WS},
	scopusid = {2-s2.0-85069688451},
	series = {CEUR Workshop Proceedings},
	subseries = {AI*IA Series},
	title = {Interpretable Narrative Explanation for {ML} Predictors with {LP}: A Case Study for {XAI}},
	url = {http://ceur-ws.org/Vol-2404/paper16.pdf},
	volume = 2404,
	year = 2019,
	bdsk-url-1 = {http://ceur-ws.org/Vol-2404/paper16.pdf}}

@inproceedings{agentbasedxai-aamas2020,
	_note = {Extended Abstract},
	_publisher = {International Foundation for Autonomous Agents and Multiagent Systems},
	acmid = {10.5555/3398761.3398992},
	author = {Ciatto, Giovanni and Calvaresi, Davide and Schumacher, Michael I. and Omicini, Andrea},
	booktitle = {19th International Conference on Autonomous Agents and MultiAgent Systems},
	date-added = {2021-05-20 10:40:06 +0200},
	date-modified = {2021-05-20 12:03:15 +0200},
	dblpid = {conf/atal/CiattoCSO20},
	editor = {El Fallah Seghrouchni, Amal and Sukthankar, Gita and An, Bo and Yorke-Smith, Neil},
	irisid = {11585/785178},
	isbn = {978-1-4503-7518-4},
	issn = {2523-5699},
	keywords = {Abstract Framework; Multi-Agent Systems; XAI},
	location = {Auckland, New Zeland},
	month = may,
	numpages = 3,
	pages = {1816--1818},
	publisher = {IFAAMAS},
	scholarid = {6887880147832489319},
	scopusid = {2-s2.0-85090291401},
	title = {An Abstract Framework for Agent-Based Explanations in {AI}},
	url = {http://ifaamas.org/Proceedings/aamas2020/pdfs/p1816.pdf},
	year = 2020,
	bdsk-url-1 = {http://ifaamas.org/Proceedings/aamas2020/pdfs/p1816.pdf}}

@incollection{agentbasedxai-extraamas2020,
	_note = {Second International Workshop, EXTRAAMAS 2020, Auckland, New Zealand, May 9--13, 2020, Revised Selected Papers},
	_series = {Lecture Notes in Computer Science},
	_url = {http://link.springer.com/chapter/10.1007/978-3-030-51924-7_1},
	author = {Ciatto, Giovanni and Schumacher, Michael I. and Omicini, Andrea and Calvaresi, Davide},
	booktitle = {Explainable, Transparent Autonomous Agents and Multi-Agent Systems},
	date-added = {2021-05-20 10:40:06 +0200},
	date-modified = {2021-05-20 12:02:34 +0200},
	doi = {10.1007/978-3-030-51924-7_1},
	editor = {Calvaresi, Davide and Najjar, Amro and Winikoff, Michael and Fr{\"a}mling, Kary},
	irisid = {11585/7659520},
	isbn = {978-3-030-51923-0},
	isbn-online = {978-3-030-51924-7},
	keywords = {Explainable artificial intelligence; Multi-agent systems; Understandability; Explainability; Interpretability},
	numpages = 18,
	pages = {3--20},
	publisher = {Springer, Cham},
	series = {LNCS},
	subseries = {Lecture Notes in Artificial Intelligence},
	title = {Agent-Based Explanations in {AI}: Towards an Abstract Framework},
	volume = 12175,
	year = 2020,
	bdsk-url-1 = {https://doi.org/10.1007/978-3-030-51924-7%5C_1}}

@article{altmann2010permutation,
	author = {Altmann, Andr{\'e} and Tolo{\c{s}}i, Laura and Sander, Oliver and Lengauer, Thomas},
	date-added = {2021-05-20 10:40:06 +0200},
	date-modified = {2021-05-20 10:40:06 +0200},
	journal = {Bioinformatics},
	number = {10},
	pages = {1340--1347},
	publisher = {Oxford University Press},
	title = {Permutation importance: a corrected feature importance measure},
	volume = {26},
	year = {2010}}

@article{andrews1995survey,
	author = {Andrews, Robert and Diederich, Joachim and Tickle, Alan B.},
	date-added = {2021-05-20 10:40:06 +0200},
	date-modified = {2021-09-17 19:32:46 +0200},
	doi = {/10.1016/0950-7051(96)81920-4},
	journal = {Knowledge-Based Systems},
	number = 6,
	pages = {373--389},
	publisher = {Elsevier},
	title = {Survey and critique of techniques for extracting rules from trained artificial neural networks},
	volume = 8,
	year = 1995,
	bdsk-url-1 = {https://doi.org/10.1016/0950-7051(96)81920-4}}

@misc{ASN,
	date-added = {2021-05-20 10:40:06 +0200},
	date-modified = {2021-05-20 10:40:06 +0200},
	howpublished = {\url{https://archive.ics.uci.edu/ml/datasets/Airfoil+Self-Noise}},
	key = {airfoil},
	note = {[Online; last accessed 19 Jan 2021]},
	title = {Airfoil Self-Noise Data Set},
	year = {2014}}

@inproceedings{ayache2019explaining,
	author = {Ayache, St{\'e}phane and Eyraud, R{\'e}mi and Goudian, No{\'e}},
	booktitle = {International Conference on Grammatical Inference},
	date-added = {2021-05-20 10:40:06 +0200},
	date-modified = {2021-05-20 10:40:06 +0200},
	organization = {PMLR},
	pages = {81--103},
	title = {Explaining black boxes on sequential data using weighted automata},
	year = {2019}}

@inproceedings{azcarraga2012keyword,
	author = {Azcarraga, Arnulfo and Liu, Michael David and Setiono, Rudy},
	booktitle = {The 2012 International Joint Conference on Neural Networks (IJCNN 2012)},
	date-added = {2021-05-20 10:40:06 +0200},
	date-modified = {2021-09-17 17:19:14 +0200},
	doi = {10.1109/IJCNN.2012.6252618},
	organization = {IEEE},
	pages = {1--7},
	title = {Keyword extraction using backpropagation neural networks and rule extraction},
	year = 2012,
	bdsk-url-1 = {https://doi.org/10.1109/IJCNN.2012.6252618}}

@inproceedings{baesens2001building,
	article-no = 20,
	author = {Baesens, Bart and Setiono, Rudy and De Lille, V. and Viaene, Stijn and Vanthienen, Jan},
	booktitle = {ICIS 2001 Proceedings},
	date-modified = {2021-09-17 16:16:18 +0200},
	editor = {Storey, Veda C. and Sarkar, Sumit and DeGross, Janice I.},
	pages = {159--168},
	publisher = {Association for Information Systems},
	title = {Building Credit-Risk Evaluation Expert Systems Using Neural Network Rule Extraction and Decision Tables},
	url = {http://aisel.aisnet.org/icis2001/20},
	year = 2001,
	bdsk-url-1 = {http://aisel.aisnet.org/icis2001/20}}

@article{baesens2003using,
	author = {Baesens, Bart and Setiono, Rudy and Mues, Christophe and Vanthienen, Jan},
	date-added = {2021-05-20 10:40:06 +0200},
	date-modified = {2021-09-17 16:09:58 +0200},
	doi = {10.1287/mnsc.49.3.312.12739},
	journal = {Management Science},
	number = 3,
	pages = {312--329},
	publisher = {INFORMS},
	title = {Using Neural Network Rule Extraction and Decision Tables for Credit-Risk Evaluation},
	volume = 49,
	year = 2003,
	bdsk-url-1 = {https://doi.org/10.1287/mnsc.49.3.312.12739}}

@article{barakat2005eclectic,
	author = {Barakat, Nahla and Diederich, Joachim},
	date-added = {2021-05-20 10:40:06 +0200},
	date-modified = {2021-09-17 17:57:08 +0200},
	doi = {10.5281/zenodo.1055511},
	journal = {International Journal of Computer and Information Engineering},
	number = 5,
	pages = {1672--1675},
	title = {Eclectic Rule-Extraction from Support Vector Machines},
	volume = 2,
	year = 2008,
	bdsk-url-1 = {https://doi.org/10.5281/zenodo.1055511}}

@article{bologna1997three,
	author = {Bologna, Guido and Pellegrini, Christian},
	date-added = {2021-05-20 10:40:06 +0200},
	date-modified = {2021-09-17 17:11:14 +0200},
	journal = {Physica Medica},
	pages = {183--187},
	title = {Three medical examples in neural network rule extraction},
	url = {https://archive-ouverte.unige.ch/unige:121360},
	volume = 13,
	year = 1997,
	bdsk-url-1 = {https://archive-ouverte.unige.ch/unige:121360}}

@book{breiman1984classification,
	author = {Breiman, Leo and Friedman, Jerome and Stone, Charles J. and Olshen, Richard A.},
	booktitle = {Classification and Regression Trees},
	date-added = {2021-05-20 10:40:06 +0200},
	date-modified = {2021-05-20 11:23:44 +0200},
	publisher = {CRC Press},
	title = {Classification and Regression Trees},
	year = 1984}

@misc{CCPP,
	date-added = {2021-05-20 10:40:06 +0200},
	date-modified = {2021-05-20 10:40:06 +0200},
	howpublished = {\url{https://archive.ics.uci.edu/ml/datasets/Combined+Cycle+Power+Plant}},
	key = {combined},
	note = {[Online; last accessed 19 Jan 2021]},
	title = {Combined Cycle Power Plant Data Set},
	year = {2014}}

@incollection{craven1994using,
	author = {Craven, Mark W. and Shavlik, Jude W.},
	booktitle = {Machine Learning Proceedings 1994},
	date-added = {2021-05-20 10:40:06 +0200},
	date-modified = {2021-05-20 12:00:21 +0200},
	doi = {10.1016/B978-1-55860-335-6.50013-1},
	pages = {37--45},
	publisher = {Elsevier},
	title = {Using Sampling and Queries to Extract Rules from Trained Neural Networks},
	year = 1994,
	bdsk-url-1 = {https://doi.org/10.1016/B978-1-55860-335-6.50013-1}}

@incollection{craven1996extracting,
	author = {Craven, Mark W. and Shavlik, Jude W.},
	booktitle = {Advances in Neural Information Processing Systems 8. Proceedings of the 1995 Conference},
	date-added = {2021-05-20 10:40:06 +0200},
	date-modified = {2021-09-17 17:32:11 +0200},
	editor = {Touretzky, David S. and Mozer, Michael C. and Hasselmo, Michael E.},
	isbn = {9780262201070},
	month = jun,
	pages = {24--30},
	publisher = {The MIT Press},
	title = {Extracting Tree-Structured Representations of Trained Networks},
	url = {http://papers.nips.cc/paper/1152-extracting-tree-structured-representations-of-trained-networks.pdf},
	year = 1996,
	bdsk-url-1 = {http://papers.nips.cc/paper/1152-extracting-tree-structured-representations-of-trained-networks.pdf}}

@article{doshi2017towards,
	author = {Doshi-Velez, Finale and Kim, Been},
	date-added = {2021-05-20 10:40:06 +0200},
	date-modified = {2021-05-20 10:40:06 +0200},
	journal = {arXiv preprint arXiv:1702.08608},
	title = {Towards a rigorous science of interpretable machine learning},
	year = {2017}}

@misc{EE,
	date-added = {2021-05-20 10:40:06 +0200},
	date-modified = {2021-05-20 10:40:06 +0200},
	howpublished = {\url{https://archive.ics.uci.edu/ml/datasets/Energy+efficiency}},
	key = {energy},
	note = {[Online; last accessed 19 Jan 2021]},
	title = {Energy Efficiency Data Set},
	year = {2012}}

@inproceedings{franco2007early,
	author = {Franco, Leonardo and Subirats, Jos{\'e} Luis and Molina, Ignacio and Alba, Emilio and Jerez, Jos{\'e} M.},
	booktitle = {Computational and Ambient Intelligence (IWANN 2007)},
	date-added = {2021-05-20 10:40:06 +0200},
	date-modified = {2021-09-17 16:55:43 +0200},
	doi = {0.1007/978-3-540-73007-1_121},
	organization = {Springer},
	pages = {1004--1011},
	series = {LNCS},
	title = {Early Breast Cancer Prognosis Prediction and Rule Extraction Using a New Constructive Neural Network Algorithm},
	volume = 4507,
	year = 2007,
	bdsk-url-1 = {https://doi.org/0.1007/978-3-540-73007-1_121}}

@article{freitas2014comprehensible,
	author = {Freitas, Alex A.},
	date-added = {2021-05-20 10:40:06 +0200},
	date-modified = {2021-09-17 19:22:02 +0200},
	doi = {10.1145/2594473.2594475},
	journal = {ACM SIGKDD Explorations Newsletter},
	month = jun,
	number = 1,
	pages = {1--10},
	publisher = {ACM New York, NY, USA},
	title = {Comprehensible classification models: a position paper},
	volume = 15,
	year = 2014,
	bdsk-url-1 = {https://doi.org/10.1145/2594473.2594475}}

@misc{GAS,
	date-added = {2021-05-20 10:40:06 +0200},
	date-modified = {2021-05-20 10:40:06 +0200},
	howpublished = {\url{https://archive.ics.uci.edu/ml/datasets/Gas+Turbine+CO+and+NOx+Emission+Data+Set}},
	key = {gas},
	note = {[Online; last accessed 19 Jan 2021]},
	title = {Gas Turbine CO and NOx Emission Data Set},
	year = {2019}}

@article{guidotti2018survey,
	article-no = 93,
	author = {Guidotti, Riccardo and Monreale, Anna and Ruggieri, Salvatore and Turini, Franco and Giannotti, Fosca and Pedreschi, Dino},
	date-added = {2021-05-20 10:40:06 +0200},
	date-modified = {2021-09-17 16:07:45 +0200},
	doi = {10.1145/3236009},
	journal = {ACM Computing Surveys},
	number = 5,
	pages = {1--42},
	title = {A Survey of Methods for Explaining Black Box Models},
	volume = 51,
	year = 2018,
	bdsk-url-1 = {https://doi.org/10.1145/3236009}}

@article{hayashi2000comparison,
	author = {Hayashi, Yoichi and Setiono, Rudy and Yoshida, Katsumi},
	date-added = {2021-05-20 10:40:06 +0200},
	date-modified = {2021-09-17 17:04:21 +0200},
	doi = {10.1016/s0933-3657(00)00064-6},
	journal = {Artificial intelligence in Medicine},
	number = 3,
	pages = {205--216},
	publisher = {Elsevier},
	title = {A comparison between two neural network rule extraction techniques for the diagnosis of hepatobiliary disorders},
	volume = 20,
	year = 2000,
	bdsk-url-1 = {https://doi.org/10.1016/s0933-3657(00)00064-6}}

@inproceedings{hofmann2003rule,
	author = {Hofmann, Alexander and Schmitz, Carsten and Sick, Bernhard},
	booktitle = {2003 IEEE International Conference on Systems, Man and Cybernetics},
	date-added = {2021-05-20 10:40:06 +0200},
	date-modified = {2021-09-17 17:16:38 +0200},
	doi = {10.1109/ICSMC.2003.1244584},
	organization = {IEEE},
	pages = {1259--1265},
	title = {Rule extraction from neural networks for intrusion detection in computer networks},
	volume = {2},
	year = 2003,
	bdsk-url-1 = {https://doi.org/10.1109/ICSMC.2003.1244584}}

@inproceedings{huysmans2006iter,
	author = {Huysmans, Johan and Baesens, Bart and Vanthienen, Jan},
	booktitle = {Data Warehousing and Knowledge Discovery (DaWaK 2006)},
	date-added = {2021-05-20 10:40:06 +0200},
	date-modified = {2021-09-17 17:28:29 +0200},
	doi = {10.1007/11823728_26},
	organization = {Springer},
	pages = {270--279},
	title = {{ITER}: An Algorithm for Predictive Regression Rule Extraction},
	year = 2006,
	bdsk-url-1 = {https://doi.org/10.1007/11823728_26}}

@article{huysmans2011empirical,
	author = {Huysmans, Johan and Dejaeger, Karel and Mues, Christophe and Vanthienen, Jan and Baesens, Bart},
	date-added = {2021-05-20 10:40:06 +0200},
	date-modified = {2021-09-17 19:24:14 +0200},
	doi = {10.1016/j.dss.2010.12.003},
	journal = {Decision Support Systems},
	number = 1,
	pages = {141--154},
	publisher = {Elsevier},
	title = {An empirical evaluation of the comprehensibility of decision table, tree and rule based predictive models},
	volume = 51,
	year = 2011,
	bdsk-url-1 = {https://doi.org/10.1016/j.dss.2010.12.003}}

@article{Lipton2018,
	author = {Lipton, Zachary C.},
	date-added = {2021-05-20 10:40:06 +0200},
	date-modified = {2021-05-20 10:40:06 +0200},
	doi = {10.1145/3236386.3241340},
	issn = {1542-7730},
	journal = {Queue},
	location = {New York, NY, USA},
	month = jun,
	number = {3},
	numpages = {27},
	pages = {31--57},
	publisher = {Association for Computing Machinery},
	title = {The Mythos of Model Interpretability},
	volume = {16},
	year = {2018},
	bdsk-url-1 = {https://doi.org/10.1145/3236386.3241340}}

@article{martens2007comprehensible,
	author = {Martens, David and Baesens, Bart and Van Gestel, Tony and Vanthienen, Jan},
	date-added = {2021-05-20 10:40:06 +0200},
	date-modified = {2021-09-17 17:42:06 +0200},
	doi = {10.1016/j.ejor.2006.04.051},
	journal = {European Journal of Operational Research},
	number = 3,
	pages = {1466--1476},
	publisher = {Elsevier},
	title = {Comprehensible credit scoring models using rule extraction from support vector machines},
	volume = 183,
	year = 2007,
	bdsk-url-1 = {https://doi.org/10.1016/j.ejor.2006.04.051}}

@incollection{murphy1991id2,
	author = {Murphy, Patrick M. and Pazzani, Michael J.},
	booktitle = {Machine Learning Proceedings 1991},
	date-added = {2021-05-20 10:40:06 +0200},
	date-modified = {2021-05-20 10:40:06 +0200},
	pages = {183--187},
	publisher = {Elsevier},
	title = {ID2-of-3: Constructive induction of M-of-N concepts for discriminators in decision trees},
	year = {1991}}

@article{quinlan1993c4,
	author = {Quinlan, J. Ross},
	date-added = {2021-05-20 10:40:06 +0200},
	date-modified = {2021-09-17 19:31:41 +0200},
	isbn = {978-1-55860-238-0},
	journal = {Morgan Kauffmann},
	title = {{C4.5}: Programming for machine learning},
	url = {https://dl.acm.org/doi/10.5555/152181},
	year = 1993,
	bdsk-url-1 = {https://dl.acm.org/doi/10.5555/152181}}

@article{simplifyingdt-ijmms27,
	_month = sep,
	author = {Quinlan, J. Ross},
	date-added = {2021-05-20 10:40:06 +0200},
	date-modified = {2021-05-20 11:03:10 +0200},
	doi = {10.1016/S0020-7373(87)80053-6},
	journal = {International Journal of Man-Machine Studies},
	number = 3,
	pages = {221--234},
	publisher = {Elsevier},
	title = {Simplifying decision trees},
	volume = 27,
	year = 1987,
	bdsk-url-1 = {https://doi.org/10.1016/S0020-7373(87)80053-6}}

@article{rocha2012far,
	author = {Rocha, Anderson and Papa, Joao Paulo and Meira, Luis A. A.},
	date-added = {2021-05-20 10:40:06 +0200},
	date-modified = {2021-05-20 11:07:20 +0200},
	doi = {10.1142/S0218001412610010},
	journal = {International Journal of Pattern Recognition and Artificial Intelligence},
	number = {02},
	pages = {1261001-(1--23)},
	publisher = {World Scientific},
	title = {How far do we get using machine learning black-boxes?},
	volume = {26},
	year = {2012},
	bdsk-url-1 = {https://doi.org/10.1142/S0218001412610010}}

@article{Rudin2019,
	author = {Rudin, Cynthia},
	date-added = {2021-05-20 10:40:06 +0200},
	date-modified = {2021-05-20 10:40:06 +0200},
	doi = {10.1038/s42256-019-0048-x},
	journal = {Nature Machine Intelligence},
	number = {5},
	pages = {206--215},
	publisher = {Nature Publishing Group},
	title = {Stop explaining black box machine learning models for high stakes decisions and use interpretable models instead},
	volume = {1},
	year = {2019},
	bdsk-url-1 = {https://doi.org/10.1038/s42256-019-0048-x}}

@article{saito2002extracting,
	author = {Saito, Kazumi and Nakano, Ryohei},
	date-added = {2021-05-20 10:40:06 +0200},
	date-modified = {2021-05-20 10:53:38 +0200},
	doi = {10.1016/S0893-6080(02)00089-8},
	journal = {Neural Networks},
	number = 10,
	pages = {1279--1288},
	publisher = {Elsevier},
	title = {Extracting regression rules from neural networks},
	volume = 15,
	year = 2002,
	bdsk-url-1 = {https://doi.org/10.1016/S0893-6080(02)00089-8}}

@article{schmitz1999ann,
	author = {Schmitz, Gregor P. J. and Aldrich, Chris and Gouws, Fran{\c c}ois S.},
	date-added = {2021-05-20 10:40:06 +0200},
	date-modified = {2021-05-20 10:58:30 +0200},
	doi = {10.1109/72.809084},
	journal = {IEEE Transactions on Neural Networks},
	number = {6},
	pages = {1392--1401},
	publisher = {IEEE},
	title = {{ANN-DT}: an algorithm for extraction of decision trees from artificial neural networks},
	volume = {10},
	year = {1999},
	bdsk-url-1 = {https://doi.org/10.1109/72.809084}}

@article{setiono2002extraction,
	author = {Setiono, Rudy and Leow, Wee Kheng and Zurada, Jacek M.},
	date-added = {2021-05-20 10:40:06 +0200},
	date-modified = {2021-05-20 10:43:12 +0200},
	doi = {10.1109/TNN.2002.1000125},
	journal = {IEEE Transactions on Neural Networks},
	number = 3,
	pages = {564--577},
	publisher = {IEEE},
	title = {Extraction of rules from artificial neural networks for nonlinear regression},
	volume = 13,
	year = 2002,
	bdsk-url-1 = {https://doi.org/10.1109/TNN.2002.1000125}}

@article{setiono2011rule,
	author = {Setiono, Rudy and Baesens, Bart and Mues, Christophe},
	date-added = {2021-05-20 10:40:06 +0200},
	date-modified = {2021-05-20 10:50:01 +0200},
	doi = {10.1142/S0129065711002821},
	journal = {International Journal of Neural Systems},
	number = 04,
	pages = {265--276},
	publisher = {World Scientific},
	title = {Rule extraction from minimal neural networks for credit card screening},
	volume = 21,
	year = 2011,
	bdsk-url-1 = {https://doi.org/10.1142/S0129065711002821}}

@article{steiner2006using,
	author = {Steiner, Maria Teresinha Arns and Steiner Neto, Pedro Jos{\'e} and Soma, Nei Yoshihiro and Shimizu, Tamio and Nievola, J{\'u}lio Cesar},
	date-added = {2021-05-20 10:40:06 +0200},
	date-modified = {2021-09-17 16:39:33 +0200},
	journal = {International Journal of Computer Science and Network Security},
	number = {5A},
	pages = {6--16},
	title = {Using neural network rule extraction for credit-risk evaluation},
	url = {http://paper.ijcsns.org/07_book/200605/200605A02.pdf},
	volume = 6,
	year = 2006,
	bdsk-url-1 = {http://paper.ijcsns.org/07_book/200605/200605A02.pdf}}

@article{towell1993extracting,
	author = {Towell, Geoffrey G. and Shavlik, Jude W.},
	date-added = {2021-05-20 10:40:06 +0200},
	date-modified = {2021-05-20 11:19:15 +0200},
	doi = {10.1007/BF00993103},
	journal = {Machine Learning},
	number = 1,
	pages = {71--101},
	publisher = {Springer},
	title = {Extracting refined rules from knowledge-based neural networks},
	volume = 13,
	year = 1993,
	bdsk-url-1 = {https://doi.org/10.1007/BF00993103}}

@misc{WQ,
	date-added = {2021-05-20 10:40:06 +0200},
	date-modified = {2021-05-20 10:40:06 +0200},
	howpublished = {\url{https://archive.ics.uci.edu/ml/datasets/Wine+Quality}},
	key = {wine},
	note = {[Online; last accessed 19 Jan 2021]},
	title = {Wine Quality Data Set},
	year = {2009}}

@article{xaisurvey-ia14,
	_url = {http://content.iospress.com/articles/intelligenza-artificiale/ia190036},
	author = {Calegari, Roberta and Ciatto, Giovanni and Omicini, Andrea},
	booktitle = {Special Issue for the Twentieth Edition of the Workshop `From Objects to Agents'},
	date-added = {2021-05-20 10:40:06 +0200},
	date-modified = {2021-05-20 10:40:06 +0200},
	doi = {10.3233/IA-190036},
	editor = {Baldoni, Matteo and Bergenti, Federico and Monica, Stefania and Vizzari, Giuseppe},
	irisid = {11585/772707},
	journal = {Intelligenza Artificiale},
	keywords = {XAI, symbolic and sub-symbolic AI, explainability, interpretability, trustable system},
	number = 1,
	pages = {7--32},
	publisher = {IOS Press},
	scopusid = {2-s2.0-85092388493},
	title = {On the integration of symbolic and sub-symbolic techniques for {XAI}: A survey},
	volume = 14,
	wosid = {000574865700002},
	year = 2020,
	bdsk-url-1 = {https://doi.org/10.3233/IA-190036}}

@inproceedings{xmas-aiiot2019,
	_publisher = {Sun SITE Central Europe, RWTH Aachen University},
	author = {Ciatto, Giovanni and Calegari, Roberta and Omicini, Andrea and Calvaresi, Davide},
	booktitle = {AI\&IoT 2019 -- Artificial Intelligence and Internet of Things 2019},
	date-added = {2021-05-20 10:40:06 +0200},
	date-modified = {2021-09-17 19:38:20 +0200},
	editor = {Savaglio, Claudio and Fortino, Giancarlo and Ciatto, Giovanni and Omicini, Andrea},
	issn = {1613-0073},
	keywords = {MAS; XMAS; XAI; explainability; road map},
	month = nov,
	pages = {40--53},
	publisher = {CEUR WS},
	scopusid = {2-s2.0-85075953890},
	series = {CEUR Workshop Proceedings},
	title = {Towards {XMAS}: e{X}plainability through {M}ulti-{A}gent {S}ystems},
	url = {http://ceur-ws.org/Vol-2502/paper3.pdf},
	volume = 2502,
	year = 2019,
	bdsk-url-1 = {http://ceur-ws.org/Vol-2502/paper3.pdf}}

@inproceedings{zhuang2019decision,
	author = {Zhuang, Juntang and Dvornek, Nicha C. and Li, Xiaoxiao and Yang, Junlin and Duncan, James},
	booktitle = {2019 IEEE/CVF International Conference on Computer Vision Workshop (ICCVW)},
	date-added = {2021-05-20 10:40:06 +0200},
	date-modified = {2021-05-20 10:40:06 +0200},
	organization = {IEEE},
	pages = {4235--4239},
	title = {Decision explanation and feature importance for invertible networks},
	year = {2019}}

@inproceedings{zien2009feature,
	author = {Zien, Alexander and Kr{\"a}mer, Nicole and Sonnenburg, S{\"o}ren and R{\"a}tsch, Gunnar},
	booktitle = {Joint European Conference on Machine Learning and Knowledge Discovery in Databases (ECML PKDD 2009)},
	date-added = {2021-05-20 10:40:06 +0200},
	date-modified = {2021-05-20 11:16:24 +0200},
	doi = {10.1007/978-3-642-04174-7_45},
	organization = {Springer},
	pages = {694--709},
	title = {The Feature Importance Ranking Measure},
	year = 2009,
	bdsk-url-1 = {https://doi.org/10.1007/978-3-642-04174-7_45}}

@book{lloyd1990computational,
	booktitle = {Computational Logic},
	date-modified = {2021-09-17 17:22:53 +0200},
	doi = {10.1007/978-3-642-76274-1},
	editor = {Lloyd, John W.},
	publisher = {Springer},
	title = {Computational Logic},
	year = 1990,
	bdsk-url-1 = {https://doi.org/10.1007/978-3-642-76274-1}}

@book{metakides1996principles,
	author = {Metakides, George and Nerode, Anil},
	date-modified = {2021-09-17 17:25:14 +0200},
	publisher = {Elsevier},
	series = {Studies in Computer Science and Artificial Intelligence},
	title = {Principles of logic and logic programming},
	url = {https://www.elsevier.com/books/principles-of-logic-and-logic-programming/metakides/978-0-444-81644-3},
	volume = 13,
	year = 1996,
	bdsk-url-1 = {https://www.elsevier.com/books/principles-of-logic-and-logic-programming/metakides/978-0-444-81644-3}}

@incollection{colmerauer1996birth,
	author = {Colmerauer, Alain and Roussel, Philippe},
	booktitle = {History of programming languages---II},
	date-modified = {2021-09-17 17:27:14 +0200},
	doi = {10.1145/234286.1057820},
	pages = {331--367},
	publisher = {ACM},
	title = {The birth of {P}rolog},
	year = 1996,
	bdsk-url-1 = {https://doi.org/10.1145/234286.1057820}}

@inproceedings{DoughertyKS95,
	_url = {https://doi.org/10.1016/b978-1-55860-377-6.50032-3},
	author = {Dougherty, James and Kohavi, Ron and Sahami, Mehran},
	bibsource = {dblp computer science bibliography, https://dblp.org},
	biburl = {https://dblp.org/rec/conf/icml/DoughertyKS95.bib},
	booktitle = {Machine Learning, Proceedings of the Twelfth International Conference on Machine Learning, Tahoe City, California, USA, July 9-12, 1995},
	doi = {10.1016/b978-1-55860-377-6.50032-3},
	editor = {Prieditis, Armand and Russell, Stuart J.},
	pages = {194--202},
	publisher = {Morgan Kaufmann},
	timestamp = {Mon, 24 Jun 2019 15:47:45 +0200},
	title = {Supervised and Unsupervised Discretization of Continuous Features},
	year = {1995},
	bdsk-url-1 = {https://doi.org/10.1016/b978-1-55860-377-6.50032-3}}

@inproceedings{Kerber92,
	author = {Kerber, Randy},
	bibsource = {dblp computer science bibliography, https://dblp.org},
	biburl = {https://dblp.org/rec/conf/aaai/Kerber92.bib},
	booktitle = {Proceedings of the 10th National Conference on Artificial Intelligence, San Jose, CA, USA, July 12-16, 1992},
	editor = {Swartout, William R.},
	pages = {123--128},
	publisher = {{AAAI} Press / The {MIT} Press},
	timestamp = {Tue, 19 Jun 2018 18:21:00 +0200},
	title = {ChiMerge: Discretization of Numeric Attributes},
	url = {http://www.aaai.org/Library/AAAI/1992/aaai92-019.php},
	year = {1992},
	bdsk-url-1 = {http://www.aaai.org/Library/AAAI/1992/aaai92-019.php}}

@incollection{YangWW10,
	_url = {https://doi.org/10.1007/978-0-387-09823-4_6},
	author = {Yang, Ying and Webb, Geoffrey I. and Wu, Xindong},
	bibsource = {dblp computer science bibliography, https://dblp.org},
	biburl = {https://dblp.org/rec/reference/dmkdh/YangWW10.bib},
	booktitle = {Data Mining and Knowledge Discovery Handbook, 2nd ed},
	doi = {10.1007/978-0-387-09823-4_6},
	editor = {Maimon, Oded and Rokach, Lior},
	pages = {101--116},
	publisher = {Springer},
	timestamp = {Tue, 25 Feb 2020 11:33:46 +0100},
	title = {Discretization Methods},
	year = {2010},
	bdsk-url-1 = {https://doi.org/10.1007/978-0-387-09823-4_6}}

@inproceedings{ElhilbawiE021,
	_url = {https://doi.org/10.1007/978-3-030-69717-4_23},
	author = {Elhilbawi, Hanan and Eldawlatly, Seif and Mahdi, Hani},
	bibsource = {dblp computer science bibliography, https://dblp.org},
	biburl = {https://dblp.org/rec/conf/amlta/ElhilbawiE021.bib},
	booktitle = {Advanced Machine Learning Technologies and Applications - Proceedings of {AMLTA} 2021, Cairo, Egypt, March 22-24, 2021},
	doi = {10.1007/978-3-030-69717-4_23},
	editor = {Hassanien, Aboul Ella and Chang, Kuo{-}Chi and Tang, Mincong},
	pages = {214--224},
	publisher = {Springer},
	series = {Advances in Intelligent Systems and Computing},
	timestamp = {Mon, 14 Jun 2021 15:26:07 +0200},
	title = {The Importance of Discretization Methods in Machine Learning Applications: {A} Case Study of Predicting {ICU} Mortality},
	volume = {1339},
	year = {2021},
	bdsk-url-1 = {https://doi.org/10.1007/978-3-030-69717-4_23}}

@inproceedings{HoS97,
	author = {Ho, K. M. and Scott, Paul D.},
	bibsource = {dblp computer science bibliography, https://dblp.org},
	biburl = {https://dblp.org/rec/conf/kdd/HoS97.bib},
	booktitle = {Proceedings of the Third International Conference on Knowledge Discovery and Data Mining (KDD-97), Newport Beach, California, USA, August 14-17, 1997},
	editor = {Heckerman, David and Mannila, Heikki and Pregibon, Daryl},
	pages = {191--194},
	publisher = {{AAAI} Press},
	timestamp = {Wed, 12 Dec 2012 15:08:19 +0100},
	title = {Zeta: {A} Global Method for Discretization of Continuous Variables},
	url = {http://www.aaai.org/Library/KDD/1997/kdd97-037.php},
	year = {1997},
	bdsk-url-1 = {http://www.aaai.org/Library/KDD/1997/kdd97-037.php}}

@article{Boulle04,
	_url = {https://doi.org/10.1023/B:MACH.0000019804.29836.05},
	author = {Boull{\'{e}}, Marc},
	bibsource = {dblp computer science bibliography, https://dblp.org},
	biburl = {https://dblp.org/rec/journals/ml/Boulle04.bib},
	doi = {10.1023/B:MACH.0000019804.29836.05},
	journal = {Machine Learning},
	number = {1},
	pages = {53--69},
	timestamp = {Mon, 02 Mar 2020 16:28:59 +0100},
	title = {Khiops: {A} Statistical Discretization Method of Continuous Attributes},
	volume = {55},
	year = {2004},
	bdsk-url-1 = {https://doi.org/10.1023/B:MACH.0000019804.29836.05}}

@article{KurganC04,
	_url = {https://doi.org/10.1109/TKDE.2004.1269594},
	author = {Kurgan, Lukasz A. and Cios, Krzysztof J.},
	bibsource = {dblp computer science bibliography, https://dblp.org},
	biburl = {https://dblp.org/rec/journals/tkde/KurganC04.bib},
	doi = {10.1109/TKDE.2004.1269594},
	journal = {{IEEE} Trans. Knowl. Data Eng.},
	number = {2},
	pages = {145--153},
	timestamp = {Wed, 14 Nov 2018 10:17:28 +0100},
	title = {{CAIM} Discretization Algorithm},
	volume = {16},
	year = {2004},
	bdsk-url-1 = {https://doi.org/10.1109/TKDE.2004.1269594}}

@article{Cano2016,
	_url = {https://doi.org/10.1007/s00500-014-1488-1},
	author = {Cano, Alberto and Nguyen, Dat T. and Ventura, Sebasti{\'{a}}n and Cios, Krzysztof J.},
	bibsource = {dblp computer science bibliography, https://dblp.org},
	biburl = {https://dblp.org/rec/journals/soco/0001NVC16.bib},
	doi = {10.1007/s00500-014-1488-1},
	journal = {Soft Comput.},
	number = {1},
	pages = {173--188},
	timestamp = {Thu, 08 Jun 2017 09:07:12 +0200},
	title = {ur-CAIM: improved {CAIM} discretization for unbalanced and balanced data},
	volume = {20},
	year = {2016},
	bdsk-url-1 = {https://doi.org/10.1007/s00500-014-1488-1}}

@incollection{2pkt-jelia2021,
	_url = {http://link.springer.com/10.1007/978-3-030-75775-5_27},
	author = {Ciatto, Giovanni and Calegari, Roberta and Omicini, Andrea},
	booktitle = {Logics in Artificial Intelligence},
	date-modified = {2021-09-17 17:28:56 +0200},
	doi = {10.1007/978-3-030-75775-5_27},
	editor = {Faber, Wolfgang and Friedrich, Gerhard and Gebser, Martin and Morak, Michael},
	keywords = {Prolog; Stream processing; 2P-Kt; State machine},
	note = {17th European Conference, JELIA 2021, Virtual Event, May 17--20, 2021, Proceedings},
	pages = {407--420},
	publisher = {Springer},
	series = {LNCS},
	subseries = {Lecture Notes in Artificial Intelligence},
	title = {Lazy Stream Manipulation in {P}rolog via Backtracking: The Case of {\sc 2P-Kt}},
	volume = 12678,
	year = 2021,
	bdsk-url-1 = {https://doi.org/10.1007/978-3-030-75775-5_27}}

@inproceedings{kotlindsi4prolog-woa2020,
	_address = {Aachen, Germany},
	_publisher = {Sun SITE Central Europe, RWTH Aachen University},
	author = {Ciatto, Giovanni and Calegari, Roberta and Siboni, Enrico and Denti, Enrico and Omicini, Andrea},
	booktitle = {WOA 2020 -- 21th Workshop ``From Objects to Agents''},
	date-modified = {2021-09-17 19:38:01 +0200},
	editor = {Calegari, Roberta and Ciatto, Giovanni and Denti, Enrico and Omicini, Andrea and Sartor, Giovanni},
	iris-id = {11585/781391},
	keywords = {object-oriented program-ming, multi-paradigm languages, domain-specific languages, Kotlin},
	location = {Bologna, Italy},
	month = oct,
	note = {21st Workshop ``From Objects to Agents'' (WOA 2020), Bologna, Italy, 14--16~} # sep # {~2020. Proceedings},
	pages = {219--236},
	publisher = {CEUR WS},
	scopus-id = {2-s2.0-85095597762},
	series = {CEUR Workshop Proceedings},
	subseries = {AI*IA Series},
	title = {{\sc {2P-Kt}}: logic programming with objects \& functions in {K}otlin},
	url = {http://ceur-ws.org/Vol-2706/paper14.pdf},
	url-pdf = {http://ceur-ws.org/Vol-2706/paper14.pdf},
	volume = 2706,
	year = 2020,
	bdsk-url-1 = {http://ceur-ws.org/Vol-2706/paper14.pdf}}

@inproceedings{psyke-woa2021,
	articleno = 3,
	author = {Sabbatini, Federico and Ciatto, Giovanni and Calegari, Roberta and Omicini, Andrea},
	booktitle = {WOA 2021 -- 22nd Workshop ``From Objects to Agents''},
	editor = {Calegari, Roberta and Ciatto, Giovanni and Denti, Enrico and Omicini, Andrea and Sartor, Giovanni},
	issn = {1613-0073},
	keywords = {explainable AI, knowledge extraction, interpretable prediction, PSyKE},
	location = {Bologna, Italy},
	month = oct,
	note = {22nd Workshop ``From Objects to Agents'' (WOA 2021), Bologna, Italy, 1--3~} # sep # {~2021. Proceedings},
	numpages = 20,
	pages = {29--48},
	publisher = {Sun SITE Central Europe, RWTH Aachen University},
	series = {CEUR Workshop Proceedings},
	subseries = {AI*IA Series},
	title = {On the Design of {PSyKE}: A Platform for Symbolic Knowledge Extraction},
	volume = 2963,
	year = 2021}

@incollection{psyke-extraamas2022,
	_url = {https://apice.unibo.it/xwiki/bin/view/Publications/Semantic\%20Web-based\%20Interoperability\%20for\%20Intelligent\%20Agents\%20with\%20PSyKE},
	author = {Sabbatini, Federico and Ciatto, Giovanni and Omicini, Andrea},
	note = {in press},
	publisher = {Springer Nature},
	series = {LNCS},
	subseries = {Lecture Notes in Artificial Intelligence},
	title = {{Semantic Web}-based Interoperability for Intelligent Agents with {PSyKE}},
	year = 2022}

@article{psyke-ia2022,
	author = {Sabbatini, Federico and Ciatto, Giovanni and Calegari, Roberta and Omicini, Andrea},
	bibsource = {dblp computer science bibliography, https://dblp.org},
	biburl = {https://dblp.org/rec/journals/ia/SabbatiniCCO22.bib},
	doi = {10.3233/IA-210120},
	journal = {Intelligenza Artificiale},
	number = {1},
	pages = {27--48},
	timestamp = {Sun, 24 Jul 2022 12:56:47 +0200},
	title = {Symbolic Knowledge Extraction from Opaque {ML} Predictors in {PSyKE}: Platform Design {\&} Experiments},
	url = {https://doi.org/10.3233/IA-210120},
	volume = {16},
	year = {2022},
	bdsk-url-1 = {https://doi.org/10.3233/IA-210120}}

@inproceedings{gridrex-kr2022,
	author = {Sabbatini, Federico and Calegari, Roberta},
	bibsource = {dblp computer science bibliography, https://dblp.org},
	biburl = {https://dblp.org/rec/conf/kr/SabbatiniC22.bib},
	booktitle = {Proceedings of the 19th International Conference on Principles of Knowledge Representation and Reasoning, {KR} 2022, Haifa, Israel. July 31 - August 5, 2022},
	editor = {Kern{-}Isberner, Gabriele and Lakemeyer, Gerhard and Meyer, Thomas},
	timestamp = {Wed, 27 Jul 2022 16:12:10 +0200},
	title = {Symbolic Knowledge Extraction from Opaque Machine Learning Predictors: {GridREx} {\&} {PEDRO}},
	url = {https://proceedings.kr.org/2022/57/},
	year = {2022},
	bdsk-url-1 = {https://proceedings.kr.org/2022/57/}}

@inproceedings{EsterKSX96,
	author = {Ester, Martin and Kriegel, Hans{-}Peter and Sander, J{\"{o}}rg and Xu, Xiaowei},
	bibsource = {dblp computer science bibliography, https://dblp.org},
	biburl = {https://dblp.org/rec/conf/kdd/EsterKSX96.bib},
	booktitle = {Proceedings of the Second International Conference on Knowledge Discovery and Data Mining (KDD-96), Portland, Oregon, {USA}},
	editor = {Simoudis, Evangelos and Han, Jiawei and Fayyad, Usama M.},
	pages = {226--231},
	publisher = {{AAAI} Press},
	timestamp = {Sun, 05 Aug 2018 22:58:23 +0200},
	title = {A Density-Based Algorithm for Discovering Clusters in Large Spatial Databases with Noise},
	url = {http://www.aaai.org/Library/KDD/1996/kdd96-037.php},
	year = {1996},
	bdsk-url-1 = {http://www.aaai.org/Library/KDD/1996/kdd96-037.php}}

@inproceedings{rahmah2016determination,
	author = {Rahmah, Nadia and Sitanggang, Imas Sukaesih},
	booktitle = {IOP conference series: earth and environmental science},
	number = {1},
	organization = {IOP Publishing},
	pages = {012012},
	title = {Determination of optimal epsilon (eps) value on {DBSCAN} algorithm to clustering data on peatland hotspots in {Sumatra}},
	volume = {31},
	year = {2016}}

@inproceedings{ManduchiHFVRF21,
	author = {Manduchi, Laura and H{\"{u}}ser, Matthias and Faltys, Martin and Vogt, Julia E. and R{\"{a}}tsch, Gunnar and Fortuin, Vincent},
	bibsource = {dblp computer science bibliography, https://dblp.org},
	biburl = {https://dblp.org/rec/conf/chil/ManduchiHFVRF21.bib},
	booktitle = {{ACM} {CHIL} '21: {ACM} Conference on Health, Inference, and Learning, Virtual Event, USA, April 8-9, 2021},
	doi = {10.1145/3450439.3451872},
	editor = {Ghassemi, Marzyeh and Naumann, Tristan and Pierson, Emma},
	pages = {236--245},
	publisher = {{ACM}},
	timestamp = {Mon, 12 Apr 2021 10:07:25 +0200},
	title = {{T-DPSOM:} an interpretable clustering method for unsupervised learning of patient health states},
	url = {https://doi.org/10.1145/3450439.3451872},
	year = {2021},
	bdsk-url-1 = {https://doi.org/10.1145/3450439.3451872}}

@article{BasakK05,
	author = {Basak, Jayanta and Krishnapuram, Raghu},
	bibsource = {dblp computer science bibliography, https://dblp.org},
	biburl = {https://dblp.org/rec/journals/tkde/BasakK05.bib},
	doi = {10.1109/TKDE.2005.11},
	journal = {{IEEE} Trans. Knowl. Data Eng.},
	number = {1},
	pages = {121--132},
	timestamp = {Sat, 20 May 2017 00:24:24 +0200},
	title = {Interpretable Hierarchical Clustering by Constructing an Unsupervised Decision Tree},
	url = {https://doi.org/10.1109/TKDE.2005.11},
	volume = {17},
	year = {2005},
	bdsk-url-1 = {https://doi.org/10.1109/TKDE.2005.11}}

@inproceedings{ChenCHCCSD16,
	author = {Chen, Junxiang and Chang, Yale and Hobbs, Brian and Castaldi, Peter J. and Cho, Michael H. and Silverman, Edwin K. and Dy, Jennifer G.},
	bibsource = {dblp computer science bibliography, https://dblp.org},
	biburl = {https://dblp.org/rec/conf/icdm/ChenCHCCSD16.bib},
	booktitle = {{IEEE} 16th International Conference on Data Mining, {ICDM} 2016, December 12-15, 2016, Barcelona, Spain},
	doi = {10.1109/ICDM.2016.0097},
	editor = {Bonchi, Francesco and Domingo{-}Ferrer, Josep and Baeza{-}Yates, Ricardo and Zhou, Zhi{-}Hua and Wu, Xindong},
	pages = {823--828},
	publisher = {{IEEE} Computer Society},
	timestamp = {Wed, 16 Oct 2019 14:14:51 +0200},
	title = {Interpretable Clustering via Discriminative Rectangle Mixture Model},
	url = {https://doi.org/10.1109/ICDM.2016.0097},
	year = {2016},
	bdsk-url-1 = {https://doi.org/10.1109/ICDM.2016.0097}}

@article{Bertsimas18,
	author = {Bertsimas, Dimitris and Orfanoudaki, Agni and Wiberg, Holly M.},
	bibsource = {dblp computer science bibliography, https://dblp.org},
	biburl = {https://dblp.org/rec/journals/corr/abs-1812-00539.bib},
	eprint = {1812.00539},
	eprinttype = {arXiv},
	journal = {CoRR},
	timestamp = {Thu, 28 Jan 2021 08:23:12 +0100},
	title = {Interpretable Clustering via Optimal Trees},
	url = {http://arxiv.org/abs/1812.00539},
	volume = {abs/1812.00539},
	year = {2018},
	bdsk-url-1 = {http://arxiv.org/abs/1812.00539}}

@article{FraimanGS13,
	author = {Fraiman, Ricardo and Ghattas, Badih and Svarc, Marcela},
	bibsource = {dblp computer science bibliography, https://dblp.org},
	biburl = {https://dblp.org/rec/journals/adac/FraimanGS13.bib},
	doi = {10.1007/s11634-013-0129-3},
	journal = {Adv. Data Anal. Classif.},
	number = {2},
	pages = {125--145},
	timestamp = {Wed, 01 Apr 2020 08:50:17 +0200},
	title = {Interpretable clustering using unsupervised binary trees},
	url = {https://doi.org/10.1007/s11634-013-0129-3},
	volume = {7},
	year = {2013},
	bdsk-url-1 = {https://doi.org/10.1007/s11634-013-0129-3}}

@article{Dasgupta20,
	author = {Dasgupta, Sanjoy and Frost, Nave and Moshkovitz, Michal and Rashtchian, Cyrus},
	bibsource = {dblp computer science bibliography, https://dblp.org},
	biburl = {https://dblp.org/rec/journals/corr/abs-2002-12538.bib},
	eprint = {2002.12538},
	eprinttype = {arXiv},
	journal = {CoRR},
	timestamp = {Tue, 05 May 2020 15:58:39 +0200},
	title = {Explainable k-Means and k-Medians Clustering},
	url = {https://arxiv.org/abs/2002.12538},
	volume = {abs/2002.12538},
	year = {2020},
	bdsk-url-1 = {https://arxiv.org/abs/2002.12538}}

@article{Chen22,
	author = {Chen, Xinye and G{\"{u}}ttel, Stefan},
	bibsource = {dblp computer science bibliography, https://dblp.org},
	biburl = {https://dblp.org/rec/journals/corr/abs-2202-01456.bib},
	eprint = {2202.01456},
	eprinttype = {arXiv},
	journal = {CoRR},
	timestamp = {Wed, 09 Feb 2022 15:43:35 +0100},
	title = {Fast and explainable clustering based on sorting},
	url = {https://arxiv.org/abs/2202.01456},
	volume = {abs/2202.01456},
	year = {2022},
	bdsk-url-1 = {https://arxiv.org/abs/2202.01456}}

@article{iris,
	abstract = {The articles published by the Annals of Eugenics (1925--1954) have been made available online as an historical archive intended for scholarly use. The work of eugenicists was often pervaded by prejudice against racial, ethnic and disabled groups. The online publication of this material for scholarly research purposes is not an endorsement of those views nor a promotion of eugenics in any way.},
	author = {Fisher, R. A.},
	doi = {https://doi.org/10.1111/j.1469-1809.1936.tb02137.x},
	eprint = {https://onlinelibrary.wiley.com/doi/pdf/10.1111/j.1469-1809.1936.tb02137.x},
	journal = {Annals of Eugenics},
	number = {2},
	pages = {179-188},
	title = {The Use of Multiple Measurements in Taxonomic Problems},
	url = {https://onlinelibrary.wiley.com/doi/abs/10.1111/j.1469-1809.1936.tb02137.x},
	volume = {7},
	year = {1936},
	bdsk-url-1 = {https://onlinelibrary.wiley.com/doi/abs/10.1111/j.1469-1809.1936.tb02137.x},
	bdsk-url-2 = {https://doi.org/10.1111/j.1469-1809.1936.tb02137.x}}

@article{sabbatini22LPFSKE,
	author = {Sabbatini, Federico and Grimani, Catia},
	doi = {10.15406/aaoaj.2022.06.00145},
	journal = {Aeronautics and Aerospace Open Access Journal},
	number = {3},
	pages = {90--95},
	title = {Symbolic knowledge extraction from opaque predictors applied to cosmic-ray data gathered with {LISA} {Pathfinder}},
	url = {https://doi.org/10.15406/aaoaj.2022.06.00145},
	volume = {6},
	year = {2022},
	bdsk-url-1 = {https://doi.org/10.15406/aaoaj.2022.06.00145}}

@inproceedings{sethi2012kdruleex,
	author = {Sethi, Kamal Kumar and Mishra, Durgesh Kumar and Mishra, Bharat},
	booktitle = {2012 Third International Conference on Intelligent Systems Modelling and Simulation},
	doi = {10.1109/ISMS.2012.116},
	pages = {55-60},
	title = {{KDRuleEx}: {A} Novel Approach for Enhancing User Comprehensibility Using Rule Extraction},
	year = {2012},
	bdsk-url-1 = {https://doi.org/10.1109/ISMS.2012.116}}

@inproceedings{TowellS91,
	author = {Towell, Geoffrey G. and Shavlik, Jude W.},
	bibsource = {dblp computer science bibliography, https://dblp.org},
	biburl = {https://dblp.org/rec/conf/nips/TowellS91.bib},
	booktitle = {Advances in Neural Information Processing Systems 4, {[NIPS} Conference, Denver, Colorado, USA, December 2-5, 1991]},
	editor = {Moody, John E. and Hanson, Stephen Jose and Lippmann, Richard},
	pages = {977--984},
	publisher = {Morgan Kaufmann},
	timestamp = {Thu, 21 Jan 2021 15:15:26 +0100},
	title = {Interpretation of Artificial Neural Networks: Mapping Knowledge-Based	Neural Networks into Rules},
	url = {http://papers.nips.cc/paper/546-interpretation-of-artificial-neural-networks-mapping-knowledge-based-neural-networks-into-rules},
	year = {1991},
	bdsk-url-1 = {http://papers.nips.cc/paper/546-interpretation-of-artificial-neural-networks-mapping-knowledge-based-neural-networks-into-rules}}

@article{Setiono00,
	author = {Setiono, Rudy},
	bibsource = {dblp computer science bibliography, https://dblp.org},
	biburl = {https://dblp.org/rec/journals/tnn/Setiono00.bib},
	doi = {10.1109/72.839020},
	journal = {{IEEE} Trans. Neural Networks Learn. Syst.},
	number = {2},
	pages = {512--519},
	timestamp = {Mon, 09 Mar 2020 15:52:06 +0100},
	title = {Extracting {M-of-N} rules from trained neural networks},
	url = {https://doi.org/10.1109/72.839020},
	volume = {11},
	year = {2000},
	bdsk-url-1 = {https://doi.org/10.1109/72.839020}}

@article{SetionoL97,
	author = {Setiono, Rudy and Liu, Huan},
	bibsource = {dblp computer science bibliography, https://dblp.org},
	biburl = {https://dblp.org/rec/journals/ijon/SetionoL97.bib},
	doi = {10.1016/S0925-2312(97)00038-6},
	journal = {Neurocomputing},
	number = {1},
	pages = {1--24},
	timestamp = {Wed, 07 Feb 2018 17:00:56 +0100},
	title = {{NeuroLinear}: From neural networks to oblique decision rules},
	url = {https://doi.org/10.1016/S0925-2312(97)00038-6},
	volume = {17},
	year = {1997},
	bdsk-url-1 = {https://doi.org/10.1016/S0925-2312(97)00038-6}}

@inproceedings{Berenji91,
	author = {Berenji, Hamid R.},
	bibsource = {dblp computer science bibliography, https://dblp.org},
	biburl = {https://dblp.org/rec/conf/icml/Berenji91.bib},
	booktitle = {Proceedings of the Eighth International Workshop (ML91), Northwestern University, Evanston, Illinois, {USA}},
	doi = {10.1016/b978-1-55860-200-7.50097-0},
	editor = {Birnbaum, Lawrence and Collins, Gregg},
	pages = {475--479},
	publisher = {Morgan Kaufmann},
	timestamp = {Wed, 19 Jun 2019 17:09:17 +0200},
	title = {Refinement of Approximate Reasoning-based Controllers by Reinforcement Learning},
	url = {https://doi.org/10.1016/b978-1-55860-200-7.50097-0},
	year = {1991},
	bdsk-url-1 = {https://doi.org/10.1016/b978-1-55860-200-7.50097-0}}

@article{HorikawaFU92,
	author = {Horikawa, Shin{-}ichi and Furuhashi, Takeshi and Uchikawa, Yoshiki},
	bibsource = {dblp computer science bibliography, https://dblp.org},
	biburl = {https://dblp.org/rec/journals/tnn/HorikawaFU92.bib},
	doi = {10.1109/72.159069},
	journal = {{IEEE} Trans. Neural Networks},
	number = {5},
	pages = {801--806},
	timestamp = {Wed, 14 Nov 2018 10:32:11 +0100},
	title = {On fuzzy modeling using fuzzy neural networks with the back-propagation algorithm},
	url = {https://doi.org/10.1109/72.159069},
	volume = {3},
	year = {1992},
	bdsk-url-1 = {https://doi.org/10.1109/72.159069}}

@article{garcez2001symbolic,
	author = {Garcez, AS d'Avila and Broda, Krysia and Gabbay, Dov M},
	journal = {Artificial Intelligence},
	number = {1-2},
	pages = {155--207},
	publisher = {Elsevier},
	title = {Symbolic knowledge extraction from trained neural networks: A sound approach},
	volume = {125},
	year = {2001}}

@inproceedings{tran2013knowledge,
	author = {Tran, Son N and Garcez, Artur d'Avila},
	booktitle = {IJCAI-2013 workshop on neural-symbolic learning and reasoning},
	title = {Knowledge extraction from deep belief networks for images},
	year = {2013}}
